@ARTICLE{hll:HyperLogLog,
  author = {Flajolet, Philippe and Fusy, Éric and Gandouet, Olivier and Meunier, Frédéric},
  title = {HyperLogLog: the analysis of a near-optimal cardinality estimation algorithm},
  note = {[Internet]},
  date = {2007},
  organization = {Discrete Mathematics and Theoretical Computer Science},
  url = {http://algo.inria.fr/flajolet/Publications/FlFuGaMe07.pdf}
}
